@article{bengio2006convex,
  title={Convex neural networks},
  author={Bengio, Yoshua and Le Roux, Nicolas and Vincent, Pascal and Delalleau, Olivier and Marcotte, Patrice},
  journal={Advances in neural information processing systems},
  volume={18},
  pages={123},
  year={2006},
  publisher={Citeseer}
}
@article{cvxrelxation,
    title={Convex Optimization for Shallow Neural Networks},
    author={Ergen, Tolga and Pilanci, Mert},  
    booktitle={2019 57th Annual Allerton Conference on Communication, Control, and Computing (Allerton)},   title={Convex Optimization for Shallow Neural Networks},   year={2019},  
    volume={}, 
    number={},  
    pages={79-83},  
}
@book{boydcvx, 
  title={Convex optimization}, 
  author={Boyd, Stephen and Vandenberghe, Lieven}, 
  year={2004}, 
  publisher={Cambridge university press} 
}
@article{hettich1993semi,
  title={Semi-infinite programming: theory, methods, and applications},
  author={Hettich, Rainer and Kortanek, Kenneth O},
  journal={SIAM review},
  volume={35},
  number={3},
  pages={380--429},
  year={1993},
  publisher={SIAM}
}
@article{d2020global,
  title={Global convergence of frank wolfe on one hidden layer networks},
  author={d'Aspremont, Alexandre and Pilanci, Mert},
  journal={arXiv preprint arXiv:2002.02208},
  year={2020}
}

@article{cvxduality1,
  title={Revealing the Structure of Deep Neural Networks via Convex Duality},
  author={Tolga Ergen, Mert Pilanci},
  journal={arXiv preprint arXiv:2002.09773},
  volume={},
  number={},
  pages={},
  year={2020},
  publisher={}
}
@article{Resnet,
  author    = {Kaiming He and
               Xiangyu Zhang and
               Shaoqing Ren and
               Jian Sun},
  title     = {Deep Residual Learning for Image Recognition},
  journal   = {CoRR},
  volume    = {abs/1512.03385},
  year      = {2015},
  url       = {http://arxiv.org/abs/1512.03385},
  eprinttype = {arXiv},
  eprint    = {1512.03385},
  timestamp = {Wed, 17 Apr 2019 17:23:45 +0200},
  biburl    = {https://dblp.org/rec/journals/corr/HeZRS15.bib},
  bibsource = {dblp computer science bibliography, https://dblp.org}
}

@misc{deeprelu,
      title={Global Optimality Beyond Two Layers: Training Deep ReLU Networks via Convex Programs}, 
      author={Tolga Ergen and Mert Pilanci},
      year={2021},
      eprint={2110.05518},
      archivePrefix={arXiv},
      primaryClass={cs.LG}
}

@article{CIFAR,
title= {CIFAR(Canadian Institute for Advanced Research)},
journal= {},
author= {Alex Krizhevsky and Vinod Nair and Geoffrey Hinton},
year= {},
url= {http://www.cs.toronto.edu/~kriz/cifar.html},


@article{deng2012mnist, 
  title={The mnist database of handwritten digit images for machine learning research}, 
  author={Deng, Li}, 
  journal={IEEE Signal Processing Magazine}, 
  volume={29}, 
  number={6}, 
  pages={141--142}, 
  year={2012}, 
  publisher={IEEE} 
}

@online{xiao2017/online,
  author       = {Han Xiao and Kashif Rasul and Roland Vollgraf},
  title        = {Fashion-MNIST: a Novel Image Dataset for Benchmarking Machine Learning Algorithms},
  date         = {2017-08-28},
  year         = {2017},
  eprintclass  = {cs.LG},
  eprinttype   = {arXiv},
  eprint       = {cs.LG/1708.07747},
}